<record><leader>00000cas a2200000 a 4500</leader><controlfield tag="001">10979538</controlfield><controlfield tag="008">840724d18841946miudn ne      0    0eng c</controlfield><datafield ind1=" " ind2=" " tag="010"><subfield code="a">sn 84024260 </subfield></datafield><datafield ind1=" " ind2=" " tag="040"><subfield code="a">NPV</subfield><subfield code="b">eng</subfield><subfield code="c">NPV</subfield><subfield code="d">NSD</subfield><subfield code="d">NVF</subfield><subfield code="d">MHN</subfield><subfield code="d">OCL</subfield><subfield code="d">OCLCQ</subfield><subfield code="d">OCLCF</subfield><subfield code="d">OCLCO</subfield></datafield><datafield ind1=" " ind2=" " tag="042"><subfield code="a">pcc</subfield></datafield><datafield ind1=" " ind2=" " tag="043"><subfield code="a">n-us-mi</subfield></datafield><datafield ind1="0" ind2=" " tag="130"><subfield code="a">Daily mining journal (Marquette, Mich.)</subfield></datafield><datafield ind1="1" ind2="4" tag="245"><subfield code="a">The daily mining journal.</subfield></datafield><datafield ind1=" " ind2=" " tag="260"><subfield code="a">Marquette, Mich. :</subfield><subfield code="b">A.P. Swineford &amp; Co.</subfield></datafield><datafield ind1=" " ind2=" " tag="300"><subfield code="a">v. :</subfield><subfield code="b">ill. (chiefly advertisements) ;</subfield><subfield code="c">58 cm.</subfield></datafield><datafield ind1=" " ind2=" " tag="310"><subfield code="a">Daily (except Sun.)</subfield></datafield><datafield ind1="0" ind2=" " tag="362"><subfield code="a">No. 1 (June 2, 1884)-no. 10039 (Feb. 23, 1918) ; no. 10040, 34th yr. (Feb. 25, 1918)-no. 10457, 36th yr. (June 27, 1919) ; 36th yr. (June 28, 1919)-63rd yr. (July 27, 1946) ; 62nd yr. (July 29, 1946)-62nd yr. (Aug. 31, 1946).</subfield></datafield><datafield ind1=" " ind2=" " tag="500"><subfield code="a">Issue called: Pe&#769;re Marquette Ed., July 15, 1897. Issue called: Theater ed., June 17, 1929.</subfield></datafield><datafield ind1=" " ind2=" " tag="580"><subfield code="a">Weekly ed.: Mining journal (Marquette, Mich. : 1868).</subfield></datafield><datafield ind1=" " ind2="0" tag="651"><subfield code="a">Marquette (Mich.)</subfield><subfield code="v">Newspapers.</subfield></datafield><datafield ind1=" " ind2="0" tag="651"><subfield code="a">Marquette County (Mich.)</subfield><subfield code="v">Newspapers.</subfield></datafield><datafield ind1=" " ind2="7" tag="655"><subfield code="a">Newspapers.</subfield><subfield code="2">fast</subfield><subfield code="0">(OCoLC)fst01423814</subfield></datafield><datafield ind1=" " ind2="7" tag="651"><subfield code="a">Michigan</subfield><subfield code="z">Marquette.</subfield><subfield code="2">fast</subfield><subfield code="0">(OCoLC)fst01214886</subfield></datafield><datafield ind1=" " ind2="7" tag="651"><subfield code="a">Michigan</subfield><subfield code="z">Marquette County.</subfield><subfield code="2">fast</subfield><subfield code="0">(OCoLC)fst01213518</subfield></datafield><datafield ind1=" " ind2=" " tag="752"><subfield code="a">United States</subfield><subfield code="b">Michigan</subfield><subfield code="c">Marquette</subfield><subfield code="d">Marquette.</subfield></datafield><datafield ind1="1" ind2=" " tag="775"><subfield code="t">Mining journal (Marquette, Mich. : 1868)</subfield><subfield code="w">(DLC)sn 84025804</subfield><subfield code="w">(OCoLC)10979471</subfield></datafield><datafield ind1="0" ind2="0" tag="785"><subfield code="t">Mining journal (Marquette, Mich. : 1946)</subfield><subfield code="x">0898-4964</subfield><subfield code="w">(DLC)sn 83016360</subfield><subfield code="w">(OCoLC)9729223</subfield></datafield></record>